@inproceedings{batory2005feature,
  title={Feature models, grammars, and propositional formulas},
  author={Batory, Don},
  booktitle={International Conference on Software Product Lines},
  pages={7--20},
  year={2005},
  organization={Springer}
}

@article{andres1997sampling,
  title={Sampling methods and sensitivity analysis for large parameter sets},
  author={Andres, TH},
  journal={Journal of Statistical Computation and Simulation},
  volume={57},
  number={1-4},
  pages={77--110},
  year={1997},
  publisher={Taylor \& Francis}
}

@article{kaltenecker2020interplay,
  title={The interplay of sampling and machine learning for software performance prediction},
  author={Kaltenecker, Christian and Grebhahn, Alexander and Siegmund, Norbert and Apel, Sven},
  journal={IEEE Software},
  volume={37},
  number={4},
  pages={58--66},
  year={2020},
  publisher={IEEE}
}

@inproceedings{siegmund2015performance,
  title={Performance-influence models for highly configurable systems},
  author={Siegmund, Norbert and Grebhahn, Alexander and Apel, Sven and K{\"a}stner, Christian},
  booktitle={Proceedings of the 2015 10th Joint Meeting on Foundations of Software Engineering},
  pages={284--294},
  year={2015}
}

@inproceedings{siegmund2012predicting,
  title={Predicting performance via automated feature-interaction detection},
  author={Siegmund, Norbert and Kolesnikov, Sergiy S and K{\"a}stner, Christian and Apel, Sven and Batory, Don and Rosenm{\"u}ller, Marko and Saake, Gunter},
  booktitle={2012 34th International Conference on Software Engineering (ICSE)},
  pages={167--177},
  year={2012},
  organization={IEEE}
}

@inproceedings{thum2011abstract,
  title={Abstract features in feature modeling},
  author={Thum, Thomas and Kastner, Christian and Erdweg, Sebastian and Siegmund, Norbert},
  booktitle={2011 15th International Software Product Line Conference},
  pages={191--200},
  year={2011},
  organization={IEEE}
}

@inproceedings{guo2013variability,
  title={Variability-aware performance prediction: A statistical learning approach},
  author={Guo, Jianmei and Czarnecki, Krzysztof and Apel, Sven and Siegmund, Norbert and W{\k{a}}sowski, Andrzej},
  booktitle={2013 28th IEEE/ACM International Conference on Automated Software Engineering (ASE)},
  pages={301--311},
  year={2013},
  organization={IEEE}
}

@inproceedings{siegmund2011scalable,
  title={Scalable prediction of non-functional properties in software product lines},
  author={Siegmund, Norbert and Rosenmuller, Marko and Kastner, Christian and Giarrusso, Paolo G and Apel, Sven and Kolesnikov, Sergiy S},
  booktitle={2011 15th International Software Product Line Conference},
  pages={160--169},
  year={2011},
  organization={IEEE}
}

@article{siegmund2013scalable,
  title={Scalable prediction of non-functional properties in software product lines: Footprint and memory consumption},
  author={Siegmund, Norbert and Rosenm{\"u}ller, Marko and K{\"a}stner, Christian and Giarrusso, Paolo G and Apel, Sven and Kolesnikov, Sergiy S},
  journal={Information and Software Technology},
  volume={55},
  number={3},
  pages={491--507},
  year={2013},
  publisher={Elsevier}
}

@article{martin2021transfer,
  title={Transfer Learning Across Variants and Versions: The Case of Linux Kernel Size},
  author={Martin, Hugo and Acher, Mathieu and Lesoil, Luc and Jezequel, Jean Marc and Khelladi, Djamel Eddine and Pereira, Juliana Alves},
  journal={IEEE Transactions on Software Engineering},
  year={2021},
  publisher={IEEE}
}

@article{loh2011classification,
  title={Classification and regression trees},
  author={Loh, Wei-Yin},
  journal={Wiley interdisciplinary reviews: data mining and knowledge discovery},
  volume={1},
  number={1},
  pages={14--23},
  year={2011},
  publisher={Wiley Online Library}
}

@inproceedings{daoud2017multicollinearity,
  title={Multicollinearity and regression analysis},
  author={Daoud, Jamal I},
  booktitle={Journal of Physics: Conference Series},
  volume={949},
  number={1},
  pages={012009},
  year={2017},
  organization={IOP Publishing}
}

@article{domingos2012few,
  title={A few useful things to know about machine learning},
  author={Domingos, Pedro},
  journal={Communications of the ACM},
  volume={55},
  number={10},
  pages={78--87},
  year={2012},
  publisher={ACM New York, NY, USA}
}

@INPROCEEDINGS{henard2015combining,
  author={Henard, Christopher and Papadakis, Mike and Harman, Mark and Le Traon, Yves},
  booktitle={2015 IEEE/ACM 37th IEEE International Conference on Software Engineering},
  title={Combining Multi-Objective Search and Constraint Solving for Configuring Large Software Product Lines},
  year={2015},
  volume={1},
  number={},
  pages={517-528},
  doi={10.1109/ICSE.2015.69}}


@book{saltelli2008global,
  title={Global sensitivity analysis: the primer},
  author={Saltelli, Andrea and Ratto, Marco and Andres, Terry and Campolongo, Francesca and Cariboni, Jessica and Gatelli, Debora and Saisana, Michaela and Tarantola, Stefano},
  year={2008},
  publisher={John Wiley \& Sons}
}


@article{mutesa2020strategy,
  title={A strategy for finding people infected with SARS-CoV-2: optimizing pooled testing at low prevalence},
  author={Mutesa, Leon and Ndishimye, Pacifique and Butera, Yvan and Souopgui, Jacob and Uwineza, Annette and Rutayisire, Robert and Musoni, Emile and Rujeni, Nadine and Nyatanyi, Thierry and Ntagwabira, Edouard and others},
  journal={arXiv preprint arXiv:2004.14934},
  year={2020}
}

@article{siegmund2012spl,
  title={SPL Conqueror: Toward optimization of non-functional properties in software product lines},
  author={Siegmund, Norbert and Rosenm{\"u}ller, Marko and Kuhlemann, Martin and K{\"a}stner, Christian and Apel, Sven and Saake, Gunter},
  journal={Software Quality Journal},
  volume={20},
  number={3},
  pages={487--517},
  year={2012},
  publisher={Springer}
}

@article{malan2001functional,
  title={Functional requirements and use cases},
  author={Malan, Ruth and Bredemeyer, Dana and others},
  journal={Bredemeyer Consulting},
  year={2001},
  publisher={Citeseer}
}

@article{mylopoulos1992representing,
  title={Representing and using nonfunctional requirements: A process-oriented approach},
  author={Mylopoulos, John and Chung, Lawrence and Nixon, Brian},
  journal={IEEE Transactions on software engineering},
  volume={18},
  number={6},
  pages={483--497},
  year={1992}
}

@techreport{kang1990feature,
  title={Feature-oriented domain analysis (FODA) feasibility study},
  author={Kang, Kyo C and Cohen, Sholom G and Hess, James A and Novak, William E and Peterson, A Spencer},
  year={1990},
  institution={Carnegie-Mellon Univ Pittsburgh Pa Software Engineering Inst}
}

@inproceedings{mendonca2009splot,
  title={SPLOT: software product lines online tools},
  author={Mendonca, Marcilio and Branco, Moises and Cowan, Donald},
  booktitle={Proceedings of the 24th ACM SIGPLAN conference companion on Object oriented programming systems languages and applications},
  pages={761--762},
  year={2009}
}

@misc{web:postgresql,
  title={PostgreSQL - Feature matrix},
  url={https://www.postgresql.org/about/featurematrix/},
  journal={PostgreSQL},
  note = {[Accessed: 2022-01-13]},
}
@misc{web:apachestatistic,
  title={Web Server Survery},
  url={https://news.netcraft.com/archives/category/web-server-survey/},
  journal={Netcraft},
  note = {[Accessed: 2022-01-13]},
}
@misc{web:berkeleydb,
  title={Oracle BerkeleyDB},
  url={https://www.oracle.com/database/technologies/related/berkeleydb.html},
  journal={Oracle},
  note = {[Accessed: 2022-01-13]},
}
@misc{web:minisat,
	title = {{MiniSat}: {A} minimalistic, open-source {SAT} solver},
	url = {http://minisat.se/},
	urldate = {2022-01-23},
  note = {[Accessed: 2022-01-23]},
}
@misc{web:BatSat,
	title = {BatSat},
	url = {https://github.com/c-cube/batsat},
	urldate = {2022-01-23},
  note = {[Accessed: 2022-01-23]},
}
@misc{web:SATurne,
	title = {SATurne},
	url = {https://github.com/jdrprod/SATurne},
	urldate = {2022-01-23},
  note = {[Accessed: 2022-01-23]},
}
@misc{web:z3,
	title = {The Z3 Theorem Prover},
	url = {https://github.com/Z3Prover/z3},
	urldate = {2022-01-23},
  note = {[Accessed: 2022-01-23]},
}

@inproceedings{kaltenecker2019distance,
  title={Distance-based sampling of software configuration spaces},
  author={Kaltenecker, Christian and Grebhahn, Alexander and Siegmund, Norbert and Guo, Jianmei and Apel, Sven},
  booktitle={2019 IEEE/ACM 41st International Conference on Software Engineering (ICSE)},
  pages={1084--1094},
  year={2019},
  organization={IEEE}
}

@inproceedings{oh2017finding,
  title={Finding near-optimal configurations in product lines by random sampling},
  author={Oh, Jeho and Batory, Don and Myers, Margaret and Siegmund, Norbert},
  booktitle={Proceedings of the 2017 11th Joint Meeting on Foundations of Software Engineering},
  pages={61--71},
  year={2017}
}

@ARTICLE{akers1978binarydecisiondiagram,
  author={Akers},
  journal={IEEE Transactions on Computers},
  title={Binary Decision Diagrams},
  year={1978},
  volume={C-27},
  number={6},
  pages={509-516},
  doi={10.1109/TC.1978.1675141}}

@article{supratik2014distribution,
  author    = {Supratik Chakraborty and
      Daniel J. Fremont and
      Kuldeep S. Meel and
      Sanjit A. Seshia and
      Moshe Y. Vardi},
  title     = {Distribution-Aware Sampling and Weighted Model Counting for {SAT}},
  journal   = {CoRR},
  volume    = {abs/1404.2984},
  year      = {2014},
  url       = {http://arxiv.org/abs/1404.2984},
  eprinttype = {arXiv},
  eprint    = {1404.2984},
  timestamp = {Sat, 23 Jan 2021 01:12:37 +0100},
  biburl    = {https://dblp.org/rec/journals/corr/ChakrabortyFMSV14.bib},
  bibsource = {dblp computer science bibliography, https://dblp.org}
}

@article{bron1973algorithm,
  title={Algorithm 457: finding all cliques of an undirected graph},
  author={Bron, Coen and Kerbosch, Joep},
  journal={Communications of the ACM},
  volume={16},
  number={9},
  pages={575--577},
  year={1973},
  publisher={ACM New York, NY, USA}
}

@inproceedings{cook1971complexity,
  title={The complexity of theorem-proving procedures},
  author={Cook, Stephen A},
  booktitle={Proceedings of the third annual ACM symposium on Theory of computing},
  pages={151--158},
  year={1971}
}

@article{ohrimenko2009propagation,
  title={Propagation via lazy clause generation},
  author={Ohrimenko, Olga and Stuckey, Peter J and Codish, Michael},
  journal={Constraints},
  volume={14},
  number={3},
  pages={357--391},
  year={2009},
  publisher={Springer}
}
@incollection{silva2003grasp,
  title={GRASP—a new search algorithm for satisfiability},
  author={Silva, Joao P Marques and Sakallah, Karem A},
  booktitle={The Best of ICCAD},
  pages={73--89},
  year={2003},
  publisher={Springer}
}

@article{sinz2007visualizing,
  title={Visualizing SAT instances and runs of the DPLL algorithm},
  author={Sinz, Carsten},
  journal={Journal of Automated Reasoning},
  volume={39},
  number={2},
  pages={219--243},
  year={2007},
  publisher={Springer}
}


@article{henard2014bypassing,
  title={Bypassing the combinatorial explosion: Using similarity to generate and prioritize t-wise test configurations for software product lines},
  author={Henard, Christopher and Papadakis, Mike and Perrouin, Gilles and Klein, Jacques and Heymans, Patrick and Le Traon, Yves},
  journal={IEEE Transactions on Software Engineering},
  volume={40},
  number={7},
  pages={650--670},
  year={2014},
  publisher={IEEE}
}

@article{benavides2010automated,
author = {Benavides, David and Segura, Sergio and Ruiz-Cort\'{e}s, Antonio},
title = {Automated Analysis of Feature Models 20 Years Later: A Literature Review},
year = {2010},
issue_date = {September, 2010},
publisher = {Elsevier Science Ltd.},
address = {GBR},
volume = {35},
number = {6},
issn = {0306-4379},
url = {https://doi.org/10.1016/j.is.2010.01.001},
doi = {10.1016/j.is.2010.01.001},
abstract = {Software product line engineering is about producing a set of related products that share more commonalities than variabilities. Feature models are widely used for variability and commonality management in software product lines. Feature models are information models where a set of products are represented as a set of features in a single model. The automated analysis of feature models deals with the computer-aided extraction of information from feature models. The literature on this topic has contributed with a set of operations, techniques, tools and empirical results which have not been surveyed until now. This paper provides a comprehensive literature review on the automated analysis of feature models 20 years after of their invention. This paper contributes by bringing together previously disparate streams of work to help shed light on this thriving area. We also present a conceptual framework to understand the different proposals as well as categorise future contributions. We finally discuss the different studies and propose some challenges to be faced in the future.},
journal = {Inf. Syst.},
month = {sep},
pages = {615–636},
numpages = {22},
keywords = {Software product lines, Literature review, Feature models, Automated analyses}
}

@inproceedings{schroter2013automated,
  title={Automated analysis of dependent feature models},
  author={Schr{\"o}ter, Reimar and Th{\"u}m, Thomas and Siegmund, Norbert and Saake, Gunter},
  booktitle={Proceedings of the Seventh International Workshop on Variability Modelling of Software-intensive Systems},
  pages={1--5},
  year={2013}
}

@inproceedings{saltelli2004global,
  title={Global sensitivity analysis: an introduction},
  author={Saltelli, Andrea},
  booktitle={Proc. 4th International Conference on Sensitivity Analysis of Model Output (SAMO’04)},
  volume={27},
  pages={43},
  year={2004},
  organization={Citeseer}
}

@article{uyanik2013multiplelinear,
author = {Kaya Uyanik, Gülden and Güler, Neşe},
year = {2013},
month = {12},
pages = {234-240},
title = {A Study on Multiple Linear Regression Analysis},
volume = {106},
journal = {Procedia - Social and Behavioral Sciences},
doi = {10.1016/j.sbspro.2013.12.027}
}

@article{alin2010multicollinearity,
  title={Multicollinearity},
  author={Alin, Aylin},
  journal={Wiley Interdisciplinary Reviews: Computational Statistics},
  volume={2},
  number={3},
  pages={370--374},
  year={2010},
  publisher={Wiley Online Library}
}